<?xml version="1.0" encoding="UTF-8"?>
<Document xmlns="urn:iso:std:iso:20022:tech:xsd:pain.001.001.02" xmlns:xsi="http://www.w3.org/2001/XMLSchema-instance" xsi:schemaLocation="urn:iso:std:iso:20022:tech:xsd:pain.001.001.02 pain.001.001.02.xsd">
  <CstmrDrctDbtInitn>
    <GrpHdr>
      <MsgId>1</MsgId>
      <CreDtTm>2016-01-21T19:47:39</CreDtTm>
      <NbOfTxs>3</NbOfTxs>
      <CtrlSum>176.50</CtrlSum>
      <BtchBookg>false</BtchBookg>
	    <InitgPty>
        <Nm>Amazing SRL ???? yayvpavpva</Nm>
        <PstlAdr>
          <AdrLine>Chisinau, str. Stefan Cel Mare 145</AdrLine>
          <Ctry>Moldova</Ctry>
        </PstlAdr>
      </InitgPty>
    </GrpHdr>
    <PmtInf>
      <PmtInfId>6222</PmtInfId>
      <PmtMtd>TRF</PmtMtd>
      <PmtTpInf>
        <SvcLvl>
          <Cd>SEPA</Cd>
        </SvcLvl>
        <LclInstrm>
          <Cd>CORE</Cd>
        </LclInstrm>
        <SeqTp>FRST</SeqTp>
      </PmtTpInf>
      <ReqdExctnDt>2016-01-21</ReqdExctnDt>
      <Dbtr>
        <Nm>Amazing SRL</Nm>
      </Dbtr>
      <DbtrAcct>
        <Id>
          <IBAN>MD24AG000225100013104168</IBAN>
        </Id>
      </DbtrAcct>
      <DbtrAgt>
        <FinInstnId>
          <BIC>AABAFI42</BIC>
        </FinInstnId>
      </DbtrAgt>
      <ChrgBr>SLEV</ChrgBr>
      <CdtTrfTxInf>
        <PmtId>
          <InstrId>3</InstrId>
          <EndToEndId/>
        </PmtId>
        <Amt>
          <InstdAmt Ccy="EUR">100.50</InstdAmt>
        </Amt>
        <CdtrAgt>
          <FinInstnId>
            <BIC>AABAFI42</BIC>
          </FinInstnId>
        </CdtrAgt>
        <Cdtr>
          <Nm>1222</Nm>
        </Cdtr>
        <CdtrAcct>
          <Id>
            <IBAN>MD24AG000225100013104168</IBAN>
          </Id>
        </CdtrAcct>
        <RmtInf>
          <Ustrd>1223</Ustrd>
        </RmtInf>
      </CdtTrfTxInf>
      <CdtTrfTxInf>
        <PmtId>
          <InstrId>4</InstrId>
          <EndToEndId/>
        </PmtId>
        <Amt>
          <InstdAmt Ccy="EUR">50.50</InstdAmt>
        </Amt>
        <CdtrAgt>
          <FinInstnId>
            <BIC>AABAFI42</BIC>
          </FinInstnId>
        </CdtrAgt>
        <Cdtr>
          <Nm>1222</Nm>
        </Cdtr>
        <CdtrAcct>
          <Id>
            <IBAN>MD24AG000225100013104168</IBAN>
          </Id>
        </CdtrAcct>
        <RmtInf>
          <Ustrd>1223</Ustrd>
        </RmtInf>
      </CdtTrfTxInf>
      <CdtTrfTxInf>
        <PmtId>
          <InstrId>4</InstrId>
          <EndToEndId/>
        </PmtId>
        <Amt>
          <InstdAmt Ccy="EUR">25.50</InstdAmt>
        </Amt>
        <CdtrAgt>
          <FinInstnId>
            <BIC>AABAFI42</BIC>
          </FinInstnId>
        </CdtrAgt>
        <Cdtr>
          <Nm>1222</Nm>
        </Cdtr>
        <CdtrAcct>
          <Id>
            <IBAN>MD24AG000225100013104168</IBAN>
          </Id>
        </CdtrAcct>
        <RmtInf>
          <Ustrd>1223</Ustrd>
        </RmtInf>
      </CdtTrfTxInf>
    </PmtInf>
  </CstmrDrctDbtInitn>
</Document>
